% ....názov súboru je: %my_literatura.bib
%Kognitívne schopnosti pre priestorovú navigáciu, napriec roznymi kulturami
@article{Coutrot2017EconomicWA:Culture,
  	title="Economic wealth and gender inequality shape the distribution of navigational ability in the world population",
  	author="A. Coutrot and Ricardo Silva and Ed Manley and William de Cothi and Samina Sami and V{\'e}ronique D. Bohbot and Jan Malte Wiener and Christoph H{\"o}lscher and R.C. Dalton and M. Hornberger and Hugo J. Spiers",
  	journal = "bioRxiv",
  	year = 2017
}

%vysledky hry Sea Hero Quest, pozorovanie vysledkov medzi krajinami a ludmi vo veku 18-99 rokov
@article{Spiers2021ExplainingWV:SeaHeroQuest,
 	title = "Vysvetlenie celosvetových variácií navigačných schopností od miliónov ľudí: Citizen Science Project Sea Hero Quest.",
 	author = "Hugo J. Spiers a Antoine Coutrot a Michael Hornberger",
 	journal = "Témy v kognitívnej vede",
 	rok =  2021
}

%priestorova navigacia v zlozitych videohrach
@inproceedings{Virualizing:Conference,
  	author = "Dubois, Hippolyte and Le Callet, Patrick and Coutrot, Antoine",
  	booktitle = "2021 13th International Conference on Quality of Multimedia Experience (QoMEX)", 
  	title = "Visualizing navigation difficulties in video game experiences", 
  	year = "2021",
  	pages = "77-80",
  	doi = "10.1109/QoMEX51781.2021.9465423"
}

%Virtualne hry a jej vplyv na zlepsenie pamati starsich ludi
@article{Wais2021VirtualRV:Memory,
  	title = "Virtual reality video game improves high-fidelity memory in older adults",
  	author = "Peter E. Wais and Melissa Arioli and Roger Anguera-Singla and Adam Gazzaley",
  	journal = "Scientific Reports",
  	year = "2021",
 	volume = 11
}

%gamifikacia v m-health aplikaciach a jej vplyv na Net generaciu
@inproceedings{MHealth:Aplication,
 	author = "Goldhill, Jason and Roodt, Sumarie",
  	booktitle = "2018 International Conference on Intelligent and Innovative Computing Applications (ICONIC)", 
  	title = "Gamification in m-Health Applications and its Effects on Health Behavioural Changes in Net Generation Students", 
  	year = 2018,
 	pages = "1-7",
  	doi = "10.1109/ICONIC.2018.8601206"
}

%vyskum na ludoch 50+ a ako na nich vplyvaju prvky gamifikacie
@inproceedings{GamificationElements:Adults,
  	author = "Tizuka, Michelle Mayumi and Clua, Esteban Walter Gonzalez and de Castro Salgado, Luciana Cardoso",
  	booktitle = "2020 IEEE 8th International Conference on Serious Games and Applications for Health (SeGAH)", 
  	title = "Investigating m-health gamification rewards elements for adults 50+", 
  	year = "2020",
  	pages = "1-8",
  	doi = "10.1109/SeGAH49190.2020.9201658"
}